<record><leader>00000cas a22000007a 4500</leader><controlfield tag="001">10079485</controlfield><controlfield tag="008">831101d19111917ksuwr ne      0   a0eng d</controlfield><datafield ind1=" " ind2=" " tag="010"><subfield code="a">sn 83040785 </subfield></datafield><datafield ind1=" " ind2=" " tag="040"><subfield code="a">KSH</subfield><subfield code="b">eng</subfield><subfield code="c">KSH</subfield><subfield code="d">NPT</subfield><subfield code="d">OCLCQ</subfield></datafield><datafield ind1=" " ind2=" " tag="042"><subfield code="a">msc</subfield></datafield><datafield ind1=" " ind2=" " tag="043"><subfield code="a">n-us-ks</subfield></datafield><datafield ind1="0" ind2=" " tag="130"><subfield code="a">Ashland clipper (Ashland, Kan. : 1911)</subfield></datafield><datafield ind1="1" ind2="4" tag="245"><subfield code="a">The Ashland clipper.</subfield></datafield><datafield ind1=" " ind2=" " tag="260"><subfield code="a">Ashland, Kan. :</subfield><subfield code="b">H.C. Mayse,</subfield><subfield code="c">1911-1917.</subfield></datafield><datafield ind1=" " ind2=" " tag="300"><subfield code="a">7 v. :</subfield><subfield code="b">ill.</subfield></datafield><datafield ind1=" " ind2=" " tag="310"><subfield code="a">Weekly</subfield></datafield><datafield ind1="0" ind2=" " tag="362"><subfield code="a">Vol. 27, no. 26 (Mar. 2, 1911)-v. 33, no. 41 (June 14, 1917).</subfield></datafield><datafield ind1=" " ind2=" " tag="500"><subfield code="a">Published on Thursday.</subfield></datafield><datafield ind1=" " ind2=" " tag="500"><subfield code="a">Editor: H.C. Mayse.</subfield></datafield><datafield ind1=" " ind2=" " tag="530"><subfield code="a">Available on microfilm from Micro Photo.</subfield></datafield><datafield ind1="1" ind2=" " tag="700"><subfield code="a">Mayse, H. C.</subfield></datafield><datafield ind1=" " ind2=" " tag="752"><subfield code="a">United States</subfield><subfield code="b">Kansas</subfield><subfield code="c">Clark</subfield><subfield code="d">Ashland.</subfield></datafield><datafield ind1="0" ind2="0" tag="780"><subfield code="t">Clark County clipper (Clark City, Kan. : 1884)</subfield></datafield><datafield ind1="0" ind2="7" tag="785"><subfield code="t">Ashland record</subfield></datafield><datafield ind1="0" ind2="7" tag="785"><subfield code="t">Ashland clipper and the Ashland record</subfield><subfield code="w">(DLC)sn 83040793</subfield></datafield><datafield ind1="1" ind2=" " tag="029"><subfield code="a">AU@</subfield><subfield code="b">000025803646</subfield></datafield></record>